@techreport{ boden2001guide,
    author = {Boden, Mikael},
    title = {A guide to recurrent neural networks and backpropagation},
    institution = {Halmstad University},
    year = {2001}
}

@techreport{ fahlman1988empirical,
    title = {An empirical study of learning speed in back-propagation networks},
    author = {Fahlman, Scott E},
    institution = {Carnegie Mellon University},
    year = {1988}
}

@inproceedings{ riedmiller1993direct,
    title = {A direct adaptive method for faster backpropagation learning: The RPROP algorithm},
    author = {Riedmiller, Martin and Braun, Heinrich},
    booktitle = {Neural Networks, 1993., IEEE International Conference on},
    pages = {586--591},
    year = {1993},
    organization = {IEEE}
}

@article{ hagan1994training,
    title = {Training feedforward networks with the Marquardt algorithm},
    author = {Hagan, Martin T and Menhaj, Mohammad B},
    journal = {Neural Networks, IEEE Transactions on},
    volume = {5},
    number = {6},
    pages = {989--993},
    year = {1994},
    publisher = {IEEE}
}

@article{ chu2007map,
    title = {Map-reduce for machine learning on multicore},
    author = {Chu, Cheng and Kim, Sang Kyun and Lin, Yi-An and Yu, YuanYuan and Bradski, Gary and Ng, Andrew Y and Olukotun, Kunle},
    journal = {Advances in neural information processing systems},
    volume = {19},
    pages = {281},
    year = {2007},
    publisher = {MIT; 1998}
}

@incollection{ schuessler2011parallel,
    title = {Parallel training of artificial neural networks using multithreaded and multicore CPUs},
    author = {Schuessler, Olena and Loyola, Diego},
    booktitle = {Adaptive and Natural Computing Algorithms},
    pages = {70--79},
    year = {2011},
    publisher = {Springer}
}

@misc{ wiki:generic_programming,
    author = {Wikipedia},
    title = {Generic programming},
    month = {March},
    year = {2015},
    url = {http://en.wikipedia.org/w/index.php?title=Generic_programming&oldid=648140433},
}

@inbook{ alexandrescu2001preface,
    title = {Modern C++ design: generic programming and design patterns applied},
    author = {Alexandrescu, Andrei},
    chapter = {Preface},
    pages = {x--xi},
    year = {2001},
    publisher = {Addison-Wesley}
}

@inbook{ alexandrescu2001policy,
    title = {Modern C++ design: generic programming and design patterns applied},
    author = {Alexandrescu, Andrei},
    chapter = {Policy based class design},
    pages = {2--18},
    year = {2001},
    publisher = {Addison-Wesley}
}

@article{ yu2011levenberg,
    title = {Levenberg-marquardt training},
    author = {Yu, Hao and Wilamowski, Bogdan M},
    journal = {Industrial Electronics Handbook},
    volume = {5},
    pages = {12--1},
    year = {2011}
}

@misc{ matlab:neural_networks,
    author = {MathWorks},
    title = {Train and apply multilayer neural networks},
    month = {March},
    year = {2015},
    url = {http://www.mathworks.com/help/nnet/ug/train-and-apply-multilayer-neural-networks.html},
}

@article{ nissen2003implementation,
    title = {Implementation of a fast artificial neural network library (fann)},
    author = {Nissen, Steffen},
    journal = {Report, Department of Computer Science University of Copenhagen (DIKU)},
    volume = {31},
    year = {2003}
}

@misc{ lopezopennn,
    title={OpenNN: Open Neural Networks Library (Version 0.9), 2012},
    author={Lopez, R},
    year = {2014},
    url = {http://www.cimne.com/flood}
}

